
@article{DBLP:journals/corr/AndrychowiczDMM13,
  author    = {Marcin Andrychowicz and
               Stefan Dziembowski and
               Daniel Malinowski and
               Lukasz Mazurek},
  title     = {How to deal with malleability of BitCoin transactions},
  journal   = {CoRR},
  volume    = {abs/1312.3230},
  year      = {2013},
  url       = {http://arxiv.org/abs/1312.3230},
  archivePrefix = {arXiv},
  eprint    = {1312.3230},
  timestamp = {Wed, 07 Jun 2017 14:41:49 +0200},
  biburl    = {http://dblp.org/rec/bib/journals/corr/AndrychowiczDMM13},
  bibsource = {dblp computer science bibliography, http://dblp.org}
}

@article{DBLP:journals/corr/DeckerW14,
  author    = {Christian Decker and
               Roger Wattenhofer},
  title     = {Bitcoin Transaction Malleability and MtGox},
  journal   = {CoRR},
  volume    = {abs/1403.6676},
  year      = {2014},
  url       = {http://arxiv.org/abs/1403.6676},
  archivePrefix = {arXiv},
  eprint    = {1403.6676},
  timestamp = {Wed, 07 Jun 2017 14:40:59 +0200},
  biburl    = {http://dblp.org/rec/bib/journals/corr/DeckerW14},
  bibsource = {dblp computer science bibliography, http://dblp.org}
}

@InProceedings{Decker2015fast,
	author=	{Christian Decker and Roger Wattenhofer},
	title=	{{A Fast and Scalable Payment Network with Bitcoin Duplex Micropayment Channels}},
	booktitle=	{{17th International Symposium on Stabilization, Safety,  and Security of Distributed Systems (SSS), Edmonton, Canada}},
	month=	{August},
	year=	{2015},
}

@article{poon2016bitcoin,
  title={The bitcoin lightning network: Scalable off-chain instant payments},
  author={Poon, Joseph and Dryja, Thaddeus},
  journal={draft version 0.5},
  volume={9},
  year={2016}
}


% -----------------------------------------------------------------------------
% Books
% -----------------------------------------------------------------------------

@book{Antonopoulos:2014:MBU:2695500,
 author = {Antonopoulos, Andreas M.},
 title = {Mastering Bitcoin: Unlocking Digital Crypto-Currencies},
 year = {2014},
 isbn = {1449374042, 9781449374044},
 edition = {1st},
 publisher = {O'Reilly Media, Inc.},
}

% -----------------------------------------------------------------------------
% Websites
% -----------------------------------------------------------------------------

@misc{YoursLightningProtocol,
  author = "Ryan X. Charles and Clemens Ley",
  title = "Yours Lightning Protocol",
  url = "https://github.com/yoursnetwork/yours-channels/blob/master/docs/yours-lightning.md",
  year = 2016
}

@online{BIP62,
  author = {Pieter Wuille},
  title = {Dealing with malleability},
  year = 2014,
  url = {https://github.com/bitcoin/bips/blob/master/bip-0062.mediawiki},
  urldate = {2018-02-04}
}

@online{SegWit,
  title = {SegWit},
  url = {https://en.wikipedia.org/wiki/SegWit},
  urldate = {2018-02-02}
}

@online{SegWitBIP,
  author = {Eric Lombrozo and Johnson Lau and Pieter Wuille},
  title = {Segregated Witness},
  url = {https://github.com/bitcoin/bips/blob/master/bip-0141.mediawiki},
  urldate = {2018-02-02}
}

@online{BIP65,
  author = {Peter Todd},
  title = {CHECKLOCKTIMEVERIFY},
  year = 2014,
  url = {https://github.com/bitcoin/bips/blob/master/bip-0065.mediawiki},
  urldate = {2018-02-05}
}

@online{BIP45,
  author = {Manuel Araoz and Ryan X. Charles and Matias Alejo Garcia},
  title = {Structure for Deterministic P2SH Multisignature Wallets},
  year = 2014,
  url = {https://github.com/bitcoin/bips/blob/master/bip-0045.mediawiki},
  urldate = {2018-02-09}
}

@online{SpilmanStyle,
  author = {Jeremy Spilman},
  title = {[Bitcoin-development] Anti DoS for tx replacement},
  year = 2013,
  url = {https://lists.linuxfoundation.org/pipermail/bitcoin-dev/2013-April/002433.html},
  urldate = {2018-02-04}
}
